@book{jacobson1999unified,
  title={The unified software development process},
  author={Jacobson, Ivar and Booch, Grady and Rumbaugh, James and Rumbaugh, James and Booch, Grady},
  volume={1},
  year={1999},
  publisher={Addison-wesley Reading}
}

@book{osterwalder2010business,
  title={Business model generation: a handbook for visionaries, game changers, and challengers},
  author={Osterwalder, Alexander and Pigneur, Yves},
  year={2010},
  publisher={John Wiley \& Sons}
}

@article{highsmith2001agile,
  title={Agile software development: The business of innovation},
  author={Highsmith, Jim and Cockburn, Alistair},
  journal={Computer},
  volume={34},
  number={9},
  pages={120--127},
  year={2001},
  publisher={IEEE}
}

@article{patton2002two,
  title={Two decades of developments in qualitative inquiry a personal, experiential perspective},
  author={Patton, Michael Quinn},
  journal={Qualitative social work},
  volume={1},
  number={3},
  pages={261--283},
  year={2002},
  publisher={Sage Publications}
}

@inproceedings{kazman1998architecture,
  title={The architecture tradeoff analysis method},
  author={Kazman, Rick and Klein, Mark and Barbacci, Mario and Longstaff, Tom and Lipson, Howard and Carriere, Jeromy},
  booktitle={Engineering of Complex Computer Systems, 1998. ICECCS'98. Proceedings. Fourth IEEE International Conference on},
  pages={68--78},
  year={1998},
  organization={IEEE}
}

@online{heuristics,
  title={Usability Heuristics for Bots},
  author={Scott, K.},
  year={2016},
  url = {https://chatbotsmagazine.com/usability-heuristics-for-bots-7075132d2c92#.i2axr34jm},
  urldate = {2017-03-10}
}

@inproceedings{gupta2012mclerk,
  title={mClerk: enabling mobile crowdsourcing in developing regions},
  author={Gupta, Aakar and Thies, William and Cutrell, Edward and Balakrishnan, Ravin},
  booktitle={Proceedings of the SIGCHI Conference on Human Factors in Computing Systems},
  pages={1843--1852},
  year={2012},
  organization={ACM}
}

@article{oleson2011programmatic,
  title={Programmatic Gold: Targeted and Scalable Quality Assurance in Crowdsourcing.},
  author={Oleson, David and Sorokin, Alexander and Laughlin, Greg P and Hester, Vaughn and Le, John and Biewald, Lukas},
  journal={Human computation},
  volume={11},
  number={11},
  year={2011}
}

@online{states,
  title={Building a Chatbot: analysis \& limitations of modern platforms},
  author={Javier},
  year={2017},
  url = {https://tryolabs.com/blog/2017/01/25/building-a-chatbot-analysis--limitations-of-modern-platforms/},
  urldate = {2017-01-25}
}